% Encoding: UTF-8

@online{kicad,
      author = "KiCad",
      title = "KiCad",
      url = "https://www.kicad.org/",
      addendum = "(accedido: 21.05.2022)"
}

 @misc{douglas, title={ES2207912T3 Composicion fotosensible a base de resina, util para fabricacion de placas de impresion. }, author={Douglas, Dr. Leach}} 
 
 @online{esp-datasheet,
      author = "expessif",
      title = "ESP8266EX Datasheet",
      url = "https://www.espressif.com/sites/default/files/documentation/0a-esp8266ex_datasheet_en.pdf",
      addendum = "(accedido: 18.06.2022)"
}

 @online{waveshare-datasheet,
      author = "waveshare",
      title = "4.2inch e-Paper (B) product specifications",
      url = "https://www.waveshare.com/w/upload/7/7f/4.2inch-e-paper-b-specification.pdf",
      addendum = "(accedido: 18.06.2022)"
}

 @online{motorola-spi,
      author = "intel",
      title = "Motorola SPI Protocol",
      url = "https://www.intel.com/content/www/us/en/docs/programmable/683711/21-2/motorola-spi-protocol.html",
      addendum = "(accedido: 18.06.2022)"
}

 @online{pulseview,
      author = "sigrok",
      title = "pulseviewl",
      url = "https://sigrok.org/wiki/PulseView",
      addendum = "(accedido: 18.06.2022)"
}

 @online{xtensa-isa,
      author = "Tensilica",
      title = "Xtensa Instruction Set Architecture (ISA) Reference Manual",
      url = "https://usermanual.wiki/Document/Xtensa2020ASSEMBLER20GUIDE.1231659642/view",
      addendum = "(accedido: 18.06.2022)"
}

 @online{abek,
      author = "safeaer",
      title = "abek-filter",
      url = "https://www.safeaer.io/abek-filter",
      addendum = "(accedido: 10.07.2022)"
}

 @online{nfpa704,
      author = "Gobierno de la Ciudad de México",
      title = "NFPA 704",
      url = "https://transparencia.cdmx.gob.mx/storage/app/uploads/public/5ca/fc7/fd9/5cafc7fd991ad983808083.pdf",
      addendum = "(accedido: 10.07.2022)"
}



 @online{hcl,
      author = "carlroth",
      title = "Ficha de datos de seguridad Ácido clorhídrico",
      url = "https://www.carlroth.com/medias/SDB-9280-ES-ES.pdf?context=bWFzdGVyfHNlY3VyaXR5RGF0YXNoZWV0c3wzMTM2MzB8YXBwbGljYXRpb24vcGRmfHNlY3VyaXR5RGF0YXNoZWV0cy9oOGYvaGFjLzkwMjY4MTg4MDE2OTQucGRmfDA3Njg5ZjlhMTQ4ZTYwMzgwN2I2YTY1NTkxNTg2NjUxMjcwNDk4Y2Y0YjYwNWIzNjk0MDM0ZTNiMDNkNGRmOTM",
      addendum = "(accedido: 10.07.2022)"
}

 @online{h2o2,
      author = "quimipur",
      title = "Ficha de datos de seguridad Peróxido de Hidrógeno 110 vol",
      url = "http://quimipur.com/pdf/hidrogen-peroxido-110-vol.pdf",
      addendum = "(accedido: 10.07.2022)"
}

 @online{naoh,
      author = "carlroth",
      title = "Ficha de datos de seguridad Hidróxido de sodio",
      url = "http://ciencias.bogota.unal.edu.co/fileadmin/Facultad_de_Ciencias/Grupos_de_Investigacion/Dpto._Quimica/Estudio_y_aprovechamiento_de_productos_naturales_marinos_y_frutas_de_Colombia/Files/Fichas_de_seguridad_Reactivos_Quimicos/Hidroxido_de_sodio.PDF",
      addendum = "(accedido: 10.07.2022)"
}

 @online{na2co3h2o,
      author = "carlroth",
      title = "Ficha de datos de seguridad Carbonato de sodio monohidrato",
      url = "https://www.carlroth.com/medias/SDB-0474-ES-ES.pdf?context=bWFzdGVyfHNlY3VyaXR5RGF0YXNoZWV0c3wyNDAyNTZ8YXBwbGljYXRpb24vcGRmfHNlY3VyaXR5RGF0YXNoZWV0cy9oZmQvaGEzLzkwMjExNzk4NTQ4NzgucGRmfDM2NjFkNjQwYjgwZWI1NjZkMzA0OTZhODYyNmU1MDM2MTE3MTYyNDI5YzdmMzdhMTg3NmZlZGEyYmNkNDg2Mzc",
      addendum = "(accedido: 10.07.2022)"
}

 @online{k2co3,
      author = "carlroth",
      title = "Ficha de datos de seguridad Carbonato de Potasio",
      url = "https://www.carlroth.com/medias/SDB-5335-ES-ES.pdf?context=bWFzdGVyfHNlY3VyaXR5RGF0YXNoZWV0c3wyMzk3MjJ8YXBwbGljYXRpb24vcGRmfHNlY3VyaXR5RGF0YXNoZWV0cy9oYTgvaDYxLzkwMTUzMTIzMTg0OTQucGRmfDMwNDhkM2E3ZTA1NjE1ZDc5ZjM0ZDNlNjdmYWY2YzRhYjc3MWNjNTk5NzhiNzQzNWI2MTZjMTdjZDA3NjViY2Q",
      addendum = "(accedido: 10.07.2022)"
}

 @online{acetona,
      author = "carlroth",
      title = "Ficha de datos de seguridad Acetona",
      url = "https://www.carlroth.com/medias/SDB-T906-ES-ES.pdf?context=bWFzdGVyfHNlY3VyaXR5RGF0YXNoZWV0c3wyODkwODR8YXBwbGljYXRpb24vcGRmfHNlY3VyaXR5RGF0YXNoZWV0cy9oNzcvaDMyLzkwNzM1MjQyNDQ1MTAucGRmfDA4YjRjYTZkMjI1ZDM2OWE4OWYyNTIyYWE5MGQ1MmZjZGI3YWQwZjQyOTdjNjExZjUzYTgyODdjODg1ODk0ZDc",
      addendum = "(accedido: 10.07.2022)"
}

 @online{isopropilico,
      author = "carlroth",
      title = "Ficha de datos de seguridad 2-propanol",
      url = "https://www.carlroth.com/medias/SDB-9866-ES-ES.pdf?context=bWFzdGVyfHNlY3VyaXR5RGF0YXNoZWV0c3wyNzcyNjh8YXBwbGljYXRpb24vcGRmfHNlY3VyaXR5RGF0YXNoZWV0cy9oMjgvaGI3LzkwMjMxOTk2NDE2MzAucGRmfDc1ODQ0NjExYTg0ZmEzNWE1MTU2ZjFjYzU0ZmY1YzZmNjliNDk5MTJkYTVmNmI3NGZiMDI5OTAzMDE1YTI0MjI",
      addendum = "(accedido: 10.07.2022)"
}

 @online{h2o,
      author = "Universidad nacional autónoma de México",
      title = "Ficha de datos de seguridad agua",
      url = "https://www.studocu.com/es-mx/document/universidad-nacional-autonoma-de-mexico/laboratorio-de-ciencia-basica-i/hoja-seguridad-msds-agua-destilada/11094452",
      addendum = "(accedido: 10.07.2022)"
}


 @online{cucl,
      author = "carlroth",
      title = "Ficha de datos de Cloruro de Cobre (I)",
      url = "https://www.carlroth.com/medias/SDB-4391-ES-ES.pdf?context=bWFzdGVyfHNlY3VyaXR5RGF0YXNoZWV0c3wyODU5NDV8YXBwbGljYXRpb24vcGRmfHNlY3VyaXR5RGF0YXNoZWV0cy9oOGYvaDEwLzg5NTA4ODE0MTkyOTQucGRmfGRmMzZiYjg5NzYxMjAyNGFiOTY4ZTQ4MTU4YzM5MzZlYjUwYmMyODI4MWI4OTk2ZTM3OTA5ZDNlNTM3NzAzMTE",
      addendum = "(accedido: 10.07.2022)"
}

 @online{cucl2,
      author = "carlroth",
      title = "Ficha de datos de Cloruro de Cobre (II)",
      url = "https://www.carlroth.com/medias/SDB-2623-ES-ES.pdf?context=bWFzdGVyfHNlY3VyaXR5RGF0YXNoZWV0c3wzMjYxOTh8YXBwbGljYXRpb24vcGRmfHNlY3VyaXR5RGF0YXNoZWV0cy9oYTkvaDYxLzkwNjIxMDc5MDYwNzgucGRmfDdiYzgwODRkZjc5YjVmZTUyODFkMjU3NTJmOTQwMDU3Y2JmZmViOTE1MzViYTNkNDQ1ZGI4ZTc1Y2M4YmFmNzQ",
      addendum = "(accedido: 10.07.2022)"
}

